% This file was created with JabRef 2.10.
% Encoding: UTF8

@Article{Avison1999,
  Title                    = {Action research},
  Author                   = {Avison, D. E. and Lau, F. and Myers, M. D. and Nielsen, P. A.},
  Journal                  = {Communications of the ACM},
  Year                     = {1999},
  Number                   = {1},
  Pages                    = {94–97},
  Volume                   = {42},

  Owner                    = {helenamcd},
  Timestamp                = {2016.01.26}
}

@Article{CarvalhoTavares2001,
  Title                    = {Informação & conhecimento: uma abordagem organizacional},
  Author                   = {CARVALHO, G. M. R.; TAVARES, M. S.},
  Journal                  = {Qualitymark},
  City                     = {Rio de Janeiro},
  Year                     = {2001},
  Pages                    = {5},

  Owner                    = {douglasribeiro},
  Timestamp                = {2016.08.07}
}

@Article{Choo2003,
  Title                    = {A organização do conhecimento: como as organizações usam a informação para criar significado, construir conhecimento e tomar decisões.},
  Author                   = {CHOO, C. W.},
  Journal                  = {Editora Senac São Paulo},
  City                     = {São Paulo},
  Year                     = {2003},
  Pages                    = {83},

  Owner                    = {douglasribeiro},
  Timestamp                = {2016.08.07}
}


@Article{Teixeira2000,
  Title                    = {Gerenciando conhecimento: como a empresa pode usar a memória organizacional e a inteligência competitiva no desenvolvimento dos negócios.},
  Author                   = {TEIXEIRA FILHO, J.},
  Journal                  = {SENAC},
  City                     = {Rio de Janeiro},
  Year                     = {2000},
  Pages                    = {57},

  Owner                    = {douglasribeiro},
  Timestamp                = {2016.08.07}
}

@Article{WoidaValentim2006,
  Title                    = {Gestão do Conhecimento e Ciência da Informação: apropriações conceituais.},
  Author                   = {WOIDA, L. M.; VALENTIM, M. L. P.},
  Journal                  = {UNESP/EDIBCIC},
  City                     = {Marilia},
  Year                     = {2006},
  Pages                    = {620-637},

  Owner                    = {douglasribeiro},
  Timestamp                = {2016.08.07}
}

@Article{Dragan2009,
  Title                    = {Model Driven Engineering and Ontology Development.},
  Author                   = {Dragan Gašević; Dragan Djurić; Vladan Devedžić},
  Journal                  = {ISBN: 978-3-642-00282-3},
  Number                   = {2},
  Year                     = {2009},
  Pages                    = {194},
  Owner                    = {douglasribeiro},
  Timestamp                = {2016.08.07}
}

@Article{SchwaberBeedle2002,
  Title                    = {Agilè Software Development with Scrum},
  Author                   = {Schwaber, Ken und Mike Beedle},
  Year                     = {2002},
  Owner                    = {douglasribeiro},
  Timestamp                = {2016.08.07}
}

@Article{Judd2008,
  Title                    = {Beginning Groovy and Grails.},
  Author                   = {Judd, Christopher M; Joseph Faisal Nusairat und James Shingler},
  Year                     = {2008},
  Journal                  = {Appres.},
  Owner                    = {douglasribeiro},
  Timestamp                = {2016.08.07}
}

@Article{Koenigetal2007,
  Title                    = {Groovy in action},
  Author                   = {Koenig, Dierk; Andrew Glover; Paul King; Guillaume Laforge und Jon Skeet},
  Year                     = {2007},
  Number                   = {91},
  Journal                  = {Manning},
  Owner                    = {douglasribeiro},
  Timestamp                = {2016.08.07}
}

@Article{BrandaoLucena2002,
  Title                    = {Uma Introdução à engenharia de ontologias no contexto da web semântica},
  Author                   = {Brandão, Anarosa Alves Franco e Carlos José Pereira de Lucena},
  Year                     = {2002},
  Number                   = {},
  Journal                  = {},
  Owner                    = {douglasribeiro},
  Timestamp                = {2016.08.07}
}

@Article{SugumaranGulla2011, 
  Title                    = {Applied semantic web technologies.},
  Author                   = {Sugumaran, Vijayan e Jon Atle Gulla},
  Year                     = {2011},
  Number                   = {},
  Journal                  = {CRC Press},
  Owner                    = {douglasribeiro},
  Timestamp                = {2016.08.07}
}

@Article{SouzaAlvarenga2004a,
  Title                    = {A Web Semântica e suas contribuições para a ciência da informação.},
  Author                   = {Souza, Renato Rocha e Lídia Alvarenga},
  Year                     = {2004},
  Number                   = {},
  Journal                  = {Ciência da Informação},
  Owner                    = {douglasribeiro},
  Timestamp                = {2016.08.07}
}


@Article{Noy2001, 
  Title                    = {Ontology development 101: A guide to creating your ﬁrst ontology.},
  Author                   = {Noy, Natalya F; Deborah L McGuinness et al.},
  Year                     = {2001},
  Number                   = {},
  Journal                  = {},
  Owner                    = {douglasribeiro},
  Timestamp                = {2016.08.07}
}


@Article{Gruber1995, 
  Title                    = {Toward principles for the design of ontologies used for knowledge sharing?},
  Author                   = {Gruber, Thomas R},
  Year                     = {1995},
  Number                   = {907-928},
  Journal                  = {International journal of human-computer studies},
  Owner                    = {douglasribeiro},
  Timestamp                = {2016.08.07}
}


@Article{UscholdGruninger1996,
  Title                    = {Ontologies: Principles, methods and applications.},
  Author                   = {Uschold, Mike e Michael Gruninger},
  Year                     = {1996},
  Number                   = {93-136},
  Journal                  = {The knowledge engineering review},
  Owner                    = {douglasribeiro},
  Timestamp                = {2016.08.07}
}

@Article{McGuinness2004,
  Title                    = {OWL web ontology language overview},
  Author                   = {McGuinness, Deborah L; Frank Van Harmelen et al},
  Year                     = {2004},
  Number                   = {},
  Journal                  = {W3C recommendation},
  Owner                    = {douglasribeiro},
  Timestamp                = {2016.08.07}
}

@Article{PatrickDengler2013,
   Title                   = {HTML5 - Como escolher entre o Canvas e o SVG para o seu site.},    
   Author                  = {Dengler, Patrick},
   Year                    = {2013},
   Journal                 = {Microsoft}
}

@Article{McBride2001,
  Title                    = {Jena: Implementing the RDF Model and Syntax Specification.},
  Author                   = {Brian McBride},
  Year                     = {2001},
  Number                   = {},
  Journal                  = {In Proc. of the Second International Workshop on the SemanticWeb, SemWeb’2001},
  Owner                    = {douglasribeiro},
  Timestamp                = {2016.08.07}
}

